<record xmlns='http://www.loc.gov/MARC21/slim'
><leader
  >02612ntm a2200409Ii 4500</leader
  ><controlfield tag='001'
  >991058310362906011</controlfield
  ><controlfield tag='005'
  >20220603155510.0</controlfield
  ><controlfield tag='008'
  >220602s1674    fr            000 0 eng d</controlfield
  ><datafield ind1=' ' ind2=' ' tag='035'
  ><subfield code='a'
    >(OCoLC)1322492729h</subfield
    ></datafield
  ><datafield ind1=' ' ind2=' ' tag='035'
  ><subfield code='a'
    >(OCoLC)on1322492729h</subfield
    ></datafield
  ><datafield ind1=' ' ind2=' ' tag='040'
  ><subfield code='a'
    >HRH</subfield
    ><subfield code='b'
    >eng</subfield
    ><subfield code='e'
    >dcrmmss</subfield
    ><subfield code='c'
    >HRH</subfield
    ></datafield
  ><datafield ind1=' ' ind2=' ' tag='041'
  ><subfield code='a'
    >lat</subfield
    ></datafield
  ><datafield ind1=' ' ind2=' ' tag='049'
  ><subfield code='a'
    >HRHH</subfield
    ></datafield
  ><datafield ind1=' ' ind2='9' tag='099'
  ><subfield code='a'
    >MS 3327, Container 108</subfield
    ></datafield
  ><datafield ind1='0' ind2='0' tag='245'
  ><subfield code='a'
    >Horti regii Parisiensis Plantarum Catalogus Secundum seriem ordinatam and Arbores Horti Regii, copied by Francisco de Solleysel Equite D. du Clapier, who signs himself as Auditore studiosissimo ipsius Domini Fagon :</subfield
    ><subfield code='k'
    >manuscript.</subfield
    ></datafield
  ><datafield ind1=' ' ind2=' ' tag='260'
  ><subfield code='a'
    >France (Paris) ;</subfield
    ><subfield code='c'
    >1674</subfield
    ></datafield
  ><datafield ind1=' ' ind2=' ' tag='300'
  ><subfield code='a'
    >83 leaves :</subfield
    ><subfield code='b'
    >paper,</subfield
    ><subfield code='c'
    >20 x 14 cm</subfield
    ></datafield
  ><datafield ind1=' ' ind2=' ' tag='336'
  ><subfield code='a'
    >text</subfield
    ><subfield code='b'
    >txt</subfield
    ><subfield code='2'
    >rdacontent</subfield
    ></datafield
  ><datafield ind1=' ' ind2=' ' tag='337'
  ><subfield code='a'
    >unmediated</subfield
    ><subfield code='b'
    >n</subfield
    ><subfield code='2'
    >rdamedia</subfield
    ></datafield
  ><datafield ind1=' ' ind2=' ' tag='338'
  ><subfield code='a'
    >volume</subfield
    ><subfield code='b'
    >nc</subfield
    ><subfield code='2'
    >rdacarrier</subfield
    ></datafield
  ><datafield ind1=' ' ind2=' ' tag='500'
  ><subfield code='a'
    >Title derived by cataloger.</subfield
    ></datafield
  ><datafield ind1=' ' ind2=' ' tag='506'
  ><subfield code='a'
    >Use: Unrestricted, for either reading room or classroom use</subfield
    ></datafield
  ><datafield ind1=' ' ind2=' ' tag='500'
  ><subfield code='a'
    >Arbores is followed by an index of the plants in the Royal Gardens; no trees are included in the index. Plant species are arranged by genus in both texts, and space has been left after each section for additions.</subfield
    ></datafield
  ><datafield ind1=' ' ind2=' ' tag='590'
  ><subfield code='a'
    >MS 3327, Container 108: Ticket of W. Junk, Berlin bookseller specializing in science and mathematical books, pasted on the inside front cover; an embossed seal, Library of Science, Oakes Ames (fol. i) suggests the book was owned by Oakes Ames (1874-1950) or was possibly from the Ames Free Library in N. Easton, Massachusetts, founded by his grandfather Oakes Ames (1804-1873); acquired by the Ransom Center in 1973 from the Lundell Library, collected by Dr. and Mrs. C. L. Lundell, embossed Lundell stamp (fol. 1). Binding: Full brown sprinkled calfskin over paper boards.  Cut edges head/tail, red mottled; fore-edge deckle; tight back; caps missing. Single blind-tooled line at spine edge, front and back covers. No title. Sewn over five cords laced on boards.  Sewn endbands, red and white thread, over rolled paper core, front bead.</subfield
    ></datafield
  ><datafield ind1=' ' ind2='0' tag='650'
  ><subfield code='a'
    >Botany.</subfield
    ></datafield
  ><datafield ind1='1' ind2=' ' tag='790'
  ><subfield code='a'
    >Junk, Wilhelm, 1866-1942,</subfield
    ><subfield code='e'
    >former owner.</subfield
    ></datafield
  ><datafield ind1='1' ind2=' ' tag='790'
  ><subfield code='a'
    >Lundell, C.L.,</subfield
    ><subfield code='e'
    >former owner.</subfield
    ></datafield
  ><datafield ind1='1' ind2=' ' tag='790'
  ><subfield code='a'
    >Lundell, C.L.,</subfield
    ><subfield code='c'
    >Mrs.,</subfield
    ><subfield code='e'
    >former owner</subfield
    ></datafield
  ><datafield ind1='2' ind2=' ' tag='791'
  ><subfield code='a'
    >Lundell Library,</subfield
    ><subfield code='e'
    >former owner.</subfield
    ></datafield
  ><datafield ind1='2' ind2=' ' tag='791'
  ><subfield code='a'
    >Medieval and Early Modern Manuscripts Collection.</subfield
    ></datafield
  ><datafield ind1=' ' ind2=' ' tag='752'
  ><subfield code='a'
    >France,</subfield
    ><subfield code='e'
    >producation place.</subfield
    ></datafield
  ><datafield ind1='1' ind2=' ' tag='979'
  ><subfield code='a'
    >Junk, Wilhelm, 1866-1942,</subfield
    ><subfield code='e'
    >former owner.</subfield
    ></datafield
  ><datafield ind1='1' ind2=' ' tag='979'
  ><subfield code='a'
    >Lundell, C.L.,</subfield
    ><subfield code='e'
    >former owner.</subfield
    ></datafield
  ><datafield ind1='1' ind2=' ' tag='979'
  ><subfield code='a'
    >Lundell, C.L.,</subfield
    ><subfield code='c'
    >Mrs.,</subfield
    ><subfield code='e'
    >former owner</subfield
    ></datafield
  ><datafield ind1='2' ind2=' ' tag='979'
  ><subfield code='a'
    >Lundell Library,</subfield
    ><subfield code='e'
    >former owner.</subfield
    ></datafield
  ><datafield ind1='2' ind2=' ' tag='979'
  ><subfield code='a'
    >Medieval and Early Modern Manuscripts Collection.</subfield
    ></datafield
  ><datafield ind1=' ' ind2=' ' tag='994'
  ><subfield code='a'
    >C0</subfield
    ><subfield code='b'
    >HRH</subfield
    ></datafield
  ></record
>